<record><leader>00000cas a2200000 a 4500</leader><controlfield tag="001">34006584</controlfield><controlfield tag="008">960109d193319uumiuwr ne      0    0eng c</controlfield><datafield ind1=" " ind2=" " tag="010"><subfield code="a">sn 95077609 </subfield></datafield><datafield ind1=" " ind2=" " tag="040"><subfield code="a">MHN</subfield><subfield code="b">eng</subfield><subfield code="c">MHN</subfield><subfield code="d">OCL</subfield><subfield code="d">OCLCQ</subfield><subfield code="d">OCLCF</subfield><subfield code="d">OCLCO</subfield></datafield><datafield ind1="1" ind2=" " tag="029"><subfield code="a">AU@</subfield><subfield code="b">000012146905</subfield></datafield><datafield ind1=" " ind2=" " tag="042"><subfield code="a">pcc</subfield></datafield><datafield ind1=" " ind2=" " tag="043"><subfield code="a">n-us-mi</subfield></datafield><datafield ind1="0" ind2="4" tag="245"><subfield code="a">The St. Louis leader and Breckenridge American.</subfield></datafield><datafield ind1="3" ind2=" " tag="246"><subfield code="a">Saint Louis leader and Breckenridge American</subfield></datafield><datafield ind1=" " ind2=" " tag="260"><subfield code="a">St. Louis, Mich. :</subfield><subfield code="b">Babcock &amp; Babcock</subfield></datafield><datafield ind1=" " ind2=" " tag="300"><subfield code="a">v.</subfield></datafield><datafield ind1=" " ind2=" " tag="310"><subfield code="a">Weekly</subfield></datafield><datafield ind1="1" ind2=" " tag="362"><subfield code="a">Began Aug. 31, 1933.</subfield></datafield><datafield ind1=" " ind2=" " tag="500"><subfield code="a">Issue called: 64th progress and anniversary ed., June 26, 1941.</subfield></datafield><datafield ind1=" " ind2=" " tag="580"><subfield code="a">Formed by the union of: St. Louis leader (Saint Louis, Mich.), and: Breckenridge American (Breckenridge, Mich.).</subfield></datafield><datafield ind1=" " ind2=" " tag="580"><subfield code="a">Absorbed: St. Louis press?</subfield></datafield><datafield ind1=" " ind2=" " tag="588"><subfield code="a">Description based on: Vol. 56, no. 14 (Sept. 7, 1933).</subfield></datafield><datafield ind1=" " ind2="0" tag="651"><subfield code="a">Saint Louis (Mich.)</subfield><subfield code="v">Newspapers.</subfield></datafield><datafield ind1=" " ind2="0" tag="651"><subfield code="a">Breckenridge (Mich.)</subfield><subfield code="v">Newspapers.</subfield></datafield><datafield ind1=" " ind2="0" tag="651"><subfield code="a">Gratiot County (Mich.)</subfield><subfield code="v">Newspapers.</subfield></datafield><datafield ind1=" " ind2="7" tag="655"><subfield code="a">Newspapers.</subfield><subfield code="2">fast</subfield><subfield code="0">(OCoLC)fst01423814</subfield></datafield><datafield ind1=" " ind2="7" tag="651"><subfield code="a">Michigan</subfield><subfield code="z">Breckenridge.</subfield><subfield code="2">fast</subfield><subfield code="0">(OCoLC)fst01229557</subfield></datafield><datafield ind1=" " ind2="7" tag="651"><subfield code="a">Michigan</subfield><subfield code="z">Gratiot County.</subfield><subfield code="2">fast</subfield><subfield code="0">(OCoLC)fst01206847</subfield></datafield><datafield ind1=" " ind2="7" tag="651"><subfield code="a">Michigan</subfield><subfield code="z">Saint Louis.</subfield><subfield code="2">fast</subfield><subfield code="0">(OCoLC)fst01237430</subfield></datafield><datafield ind1=" " ind2=" " tag="752"><subfield code="a">United States</subfield><subfield code="b">Michigan</subfield><subfield code="c">Gratiot</subfield><subfield code="d">Saint Louis.</subfield></datafield><datafield ind1="1" ind2="4" tag="780"><subfield code="t">St. Louis leader (Saint Louis, Mich.)</subfield><subfield code="w">(DLC)sn 95077608</subfield><subfield code="w">(OCoLC)34006600</subfield></datafield><datafield ind1="1" ind2="4" tag="780"><subfield code="t">Breckenridge American (Breckenridge, Mich.)</subfield></datafield><datafield ind1="1" ind2="5" tag="780"><subfield code="t">St. Louis press (St. Louis, Mich. : 1935)</subfield><subfield code="w">(DLC)sn 99064127</subfield><subfield code="w">(OCoLC)40997389</subfield></datafield><datafield ind1="0" ind2="0" tag="785"><subfield code="t">St. Louis leader-press combined with the Breckenridge American</subfield><subfield code="w">(DLC)sn 95077610</subfield><subfield code="w">(OCoLC)34006655</subfield></datafield></record>